@article{berg1979surface,
  title={Surface roughness effects on a Mach 6 turbulent boundary layer},
  author={Berg, DE},
  journal={AIAA Journal},
  volume={17},
  number={9},
  pages={929--930},
  year={1979}
}